<?xml version="1.0" encoding="utf-8"?>
<record xmlns="http://www.loc.gov/MARC21/slim" xmlns:xsi="http://www.w3.org/2001/XMLSchema-instance" xsi:schemaLocation="http://www.loc.gov/MARC21/slim http://www.loc.gov/standards/marcxml/schema/MARC21slim.xsd">
	<leader>     nam a22     Mi 4500</leader>
	<controlfield tag="001">b12471501</controlfield>
	<controlfield tag="003">LeBAU</controlfield>
	<controlfield tag="006">m        d        </controlfield>
	<controlfield tag="007">cr cn |||m|||a</controlfield>
	<controlfield tag="008">200522s1927    ua      o     ||0 0 ara d</controlfield>
	<datafield ind1=" " ind2=" " tag="040">
		<subfield code="a">ZYU</subfield>
		<subfield code="b">ara</subfield>
		<subfield code="e">rda</subfield>
		<subfield code="c">ZYU</subfield>
	</datafield>
	<datafield ind1="0" ind2="4" tag="082">
		<subfield code="a">492.4</subfield>
		<subfield code="2">20</subfield>
	</datafield>
	<datafield ind1="1" ind2=" " tag="100">
		<subfield code="6">880-01</subfield>
		<subfield code="a">Fāriḥī, Hilāl,</subfield>
		<subfield code="e">author.</subfield>
	</datafield>
	<datafield ind1="1" ind2="0" tag="245">
		<subfield code="6">880-02</subfield>
		<subfield code="a">Intiqād Kitāb al-Kanz fī qawāʻid al-lughah al-ʻIbrīyah /</subfield>
		<subfield code="c">al-Duktūr Hilāl Fāriḥī, ṭabīb fī maṣlaḥat sikkat al-Ḥadīd.</subfield>
	</datafield>
	<datafield ind1=" " ind2="1" tag="264">
		<subfield code="6">880-03</subfield>
		<subfield code="a">Miṣr :</subfield>
		<subfield code="b">Maṭbaʻat ʻAlam al-Dīn,</subfield>
		<subfield code="c">1927.</subfield>
	</datafield>
	<datafield ind1=" " ind2=" " tag="300">
		<subfield code="6">880-04</subfield>
		<subfield code="a">online resource (36 pages)</subfield>
	</datafield>
	<datafield ind1=" " ind2=" " tag="336">
		<subfield code="a">text</subfield>
		<subfield code="2">rdacontent</subfield>
	</datafield>
	<datafield ind1=" " ind2=" " tag="337">
		<subfield code="a">computer</subfield>
		<subfield code="2">rdamedia</subfield>
	</datafield>
	<datafield ind1=" " ind2=" " tag="338">
		<subfield code="a">online resource</subfield>
		<subfield code="2">rdacarrier</subfield>
	</datafield>
	<datafield ind1=" " ind2=" " tag="500">
		<subfield code="a">Part of the Arabic Collections Online (ACO) project, contributed by American University of Beirut's Jafet Memorial Library.</subfield>
	</datafield>
	<datafield ind1=" " ind2=" " tag="533">
		<subfield code="a">Electronic reproduction.</subfield>
		<subfield code="b">New York, N.Y. :</subfield>
		<subfield code="c">New York University,</subfield>
		<subfield code="d">2020.</subfield>
		<subfield code="5">NNU</subfield>
	</datafield>
	<datafield ind1="1" ind2="4" tag="600">
		<subfield code="a">بدر، محمد.</subfield>
		<subfield code="t">الكنز في قواعد اللغة العبرية.</subfield>
	</datafield>
	<datafield ind1="1" ind2="0" tag="600">
		<subfield code="a">Badr, Muḥammad.</subfield>
		<subfield code="t">Kanz fī qawāʻid al-lughah al-ʻIbrīyah.</subfield>
	</datafield>
	<datafield ind1=" " ind2="4" tag="650">
		<subfield code="a">اللغة العبرية</subfield>
		<subfield code="x">قواعد.</subfield>
	</datafield>
	<datafield ind1=" " ind2="0" tag="650">
		<subfield code="a">Hebrew language</subfield>
		<subfield code="x">Grammar.</subfield>
	</datafield>
	<datafield ind1="2" ind2=" " tag="710">
		<subfield code="a">Jafet Memorial Library.</subfield>
	</datafield>
	<datafield ind1="0" ind2=" " tag="730">
		<subfield code="a">Arabic Collections Online.</subfield>
	</datafield>
	<datafield ind1="0" ind2="8" tag="776">
		<subfield code="i">Print version:</subfield>
		<subfield code="a">Fāriḥī, Hilāl, author.</subfield>
		<subfield code="t">Intiqād Kitāb al-Kanz fī qawāʻid al-lughah al-ʻIbrīyah</subfield>
		<subfield code="w">(LeBAU)b12471501</subfield>
	</datafield>
	<datafield ind1="0" ind2="8" tag="787">
		<subfield code="6">880-05</subfield>
		<subfield code="i">is critique of (work)</subfield>
		<subfield code="4">http://rdaregistry.info/Elements/w/P10182 :</subfield>
		<subfield code="a">Badr, Muḥammad.</subfield>
		<subfield code="t">Kanz fī qawāʻid al-lughah al-ʻIbrīyah.</subfield>
		<subfield code="d">al-Qāhirah : al-Maktabah al-Tijārīyah al-Kubrá, [1962]</subfield>
		<subfield code="w">(OCoLC)784332364</subfield>
		<subfield code="w">(OCoLC)784332364</subfield>
	</datafield>
	<datafield ind1="4" ind2="0" tag="856">
		<subfield code="u">http://hdl.handle.net/2333.1/v41nsbpq</subfield>
	</datafield>
	<datafield ind1="1" ind2=" " tag="880">
		<subfield code="6">100-01</subfield>
		<subfield code="a">فارحي، هلال،</subfield>
		<subfield code="e">مؤلف. </subfield>
		<subfield code="4">aut.</subfield>
	</datafield>
	<datafield ind1="1" ind2="0" tag="880">
		<subfield code="6">245-02</subfield>
		<subfield code="a">إنتقاد كتاب الكنز في قواعد اللغة العبرية /</subfield>
		<subfield code="c">الدكتور هلال فارحي، طبيب في مصلحة سكة الحديد.</subfield>
	</datafield>
	<datafield ind1=" " ind2="1" tag="880">
		<subfield code="6">264-03</subfield>
		<subfield code="a">مصر :</subfield>
		<subfield code="b">مطبعة علم الدين،</subfield>
		<subfield code="c">1927.</subfield>
	</datafield>
	<datafield ind1=" " ind2=" " tag="880">
		<subfield code="6">300-04</subfield>
		<subfield code="a">36 صفحة ؛</subfield>
		<subfield code="c">18 سم</subfield>
	</datafield>
	<datafield ind1="0" ind2="8" tag="880">
		<subfield code="6">787-05</subfield>
		<subfield code="i">نقد (عمل)</subfield>
		<subfield code="4">http://rdaregistry.info/Elements/w/P10182 :</subfield>
		<subfield code="a">بدر، محمد.</subfield>
		<subfield code="t">الكنز في قواعد اللغة العبرية.</subfield>
		<subfield code="d">القاهرة : المكتبة التجارية الكبرى، [1962]</subfield>
		<subfield code="w">(LEAUB)b12471549</subfield>
		<subfield code="w">(OCoLC)784332364</subfield>
	</datafield>
	<datafield ind1=" " ind2=" " tag="959">
		<subfield code="a">NNU</subfield>
		<subfield code="b">WEB</subfield>
		<subfield code="c">GENI</subfield>
		<subfield code="t">0</subfield>
		<subfield code="m">Electronic access</subfield>
		<subfield code="s">01</subfield>
	</datafield>
	<datafield ind1=" " ind2=" " tag="999">
		<subfield code="i">LeBAU_b12471501</subfield>
		<subfield code="s">aub_aco003326:</subfield>
		<subfield code="e">(ERROR-MISC)</subfield>
	</datafield>
</record>
